%Diese Datei enthält eine beispielhafte Literaturdatenbank.
%
%Für LaTeX existieren verschiedene Literaturverwaltungssysteme, die diese Datei verarbeiten und daraus ein Literaturverzeichnis erstellen. Das Standardprogramm zur Literaturverwaltung in LaTeX ist das Programm BibTeX. Daneben ist noch das Programm biber in Kombination mit dem Paket biblatex verbreitet.
%
%Als Einstieg in die Literaturverwaltungssysteme sei auf die folgenden URLs verwiesen:
% https://de.wikipedia.org/wiki/BibTeX
% https://en.wikibooks.org/wiki/LaTeX/Bibliography_Management
% http://tex.stackexchange.com/questions/25701/bibtex-vs-biber-and-biblatex-vs-natbib
%
% Die LaTeX-Vorlage ist derzeit für BibTeX vorkonfiguriert.


@book{EWolff:CD,
    author    = {Eberhard Wolff},
    title     = {Continuous Delivery - Der pragmatishe Einstieg},
    publisher = {dpunkt.verlag},
    isbn      = {978-3-86490-208-6},
	edition   = {1. Auflage},
    year      = {2015}
}

@misc{SWT-D,
	author    = {Prof. Dr. Dirk Wiesmann},
	title     = {Skript der Veranstalltung SWT D},
	howpublished  = {FH-Dortmund},
	year      = {2014}
}

@misc{Kitchenham2007,
	author    = {Kitchenham},
	title     = {Guidelines for performing Systematic Literature Reviews in Software Engineering},
	version   = {Version 2.3},
	year      = {2007}
}

@misc{Fowler:CD,
    author	  = {Martin Fowler},
    title	  = {ContinuousDelivery},
    year      = {30 May 2013},
    note      = {visited: 08.06.2016}
}

@misc{Fowler:DP,
    author	  = {Martin Fowler},
    title	  = {DeploymentPipeline},
    year      = {30 May 2013},
    note      = {visited: 08.06.2016}
}

@misc{Fowler:CI,
    author	  = {Martin Fowler},
    title	  = {Continuous Integration},
    year      = {01 May 2006},
    url       = {http://martinfowler.com/articles/continuousIntegration.html},
    note      = {visited: 08.06.2016}
}

@misc{IEEE:CDMitJenkins,
	author    = {valentina Armenise},
	title     = {Continuous Delivery with Jenkins},
	year      = {2015},
	howpublished = {IEEE/ACM},
}

@misc{RallySofware2013,
	author    = {Steve Neely and Steve Stolt (Rally Software)},
	title     = {Continuous Delivery? Easy! Just Change Everything (well, maybe it is not that easy},
	year      = {2013},
	howpublished = {IEEE},
}

@misc{LiaChen:HugeBenefits,
	author    = {Lianping Chen},
	title     = {Continuous Delivery Huge Benefits, but Challenges Too},
	year      = {2015},
	howpublished = {IEEE},
}

@misc{CD:AutomatedTesting,
	author    = {Johannes Gmeiner, Rudolf Ramler, Julian Haslinger},
	title     = {Automated Testing in the Continuous Delivery Pipeline: A Case Study of an Online Company},
	year      = {2015},
	howpublished = {IEEE},
}

@misc{ttm,
	author = {BusinessDictionary.com},
	title = {time to market},
	url = {http://www.businessdictionary.com/definition/time-to-market.html}
}

@misc{SaaS,
	author = {gruenderszene.de},
	title = {Software-as-a-Service (SaaS)},
	url = {http://www.gruenderszene.de/lexikon/begriffe/software-as-a-service-saas},
    note = {visited: 27.06.2016}
}

@misc{BRM,
    author = {jfrog.com},
    title = {What is a Binary Repository Manager},
    url = {https://www.jfrog.com/binary-repository/},
    note = {visited: 27.06.2016}
}